@inproceedings{amdouni2023industryportal,
    title={IndustryPortal: a Common Repository for FAIR Ontologies in Industry 4.0},
    author={Amdouni, Emna and Sarkar, Arkopaul and Jonquet, Clement and Karray, Mohamed Hedi},
    booktitle={22nd International Semantic Web Conference (ISWC)-Demo \& Poster},
    year={2023}
}

@article{d2012publish,
    title={Where to publish and find ontologies? A survey of ontology libraries},
    author={dâ€™Aquin, Mathieu and Noy, Natalya F},
    journal={Journal of Web Semantics},
    volume={11},
    pages={96--111},
    year={2012},
    publisher={Elsevier}
}

@incollection{gangemi2009ontology,
    title={Ontology design patterns},
    author={Gangemi, Aldo and Presutti, Valentina},
    booktitle={Handbook on ontologies},
    pages={221--243},
    year={2009},
    publisher={Springer}
}

@article{kumar2019ontologies,
    title={Ontologies for Industry 4.0},
    author={Kumar, Veera Ragavan Sampath and Khamis, Alaa and Fiorini, Sandro and Carbonera, Joel Luis and Alarcos, Alberto Olivares and Habib, Maki and Goncalves, Paulo and Li, Howard and Olszewska, Joanna Isabelle},
    journal={The Knowledge Engineering Review},
    volume={34},
    pages={e17},
    year={2019},
    publisher={Cambridge University Press}
}

@article{neuhaus2018ontology,
    title={What is an Ontology?},
    author={Neuhaus, Fabian},
    journal={arXiv preprint arXiv:1810.09171},
    year={2018}
}

@inproceedings{olszewska2017ontology,
    title={Ontology for autonomous robotics},
    author={Olszewska, Joanna Isabelle and Barreto, Marcos and Bermejo-Alonso, Julita and Carbonera, Joel and Chibani, Abdelghani and Fiorini, Sandro and Goncalves, Paulo and Habib, Maki and Khamis, Alaa and Olivares, Alberto and others},
    booktitle={2017 26th IEEE international symposium on robot and human interactive communication (RO-MAN)},
    pages={189--194},
    year={2017},
    organization={IEEE}
}